%YAML 1.1
%TAG !u! tag:unity3d.com,2011:
--- !u!29 &1
OcclusionCullingSettings:
  m_ObjectHideFlags: 0
  serializedVersion: 2
  m_OcclusionBakeSettings:
    smallestOccluder: 5
    smallestHole: 0.25
    backfaceThreshold: 100
  m_SceneGUID: 00000000000000000000000000000000
  m_OcclusionCullingData: {fileID: 0}
--- !u!104 &2
RenderSettings:
  m_ObjectHideFlags: 0
  serializedVersion: 9
  m_Fog: 0
  m_FogColor: {r: 0.5, g: 0.5, b: 0.5, a: 1}
  m_FogMode: 3
  m_FogDensity: 0.01
  m_LinearFogStart: 0
  m_LinearFogEnd: 300
  m_AmbientSkyColor: {r: 0.212, g: 0.227, b: 0.259, a: 1}
  m_AmbientEquatorColor: {r: 0.114, g: 0.125, b: 0.133, a: 1}
  m_AmbientGroundColor: {r: 0.047, g: 0.043, b: 0.035, a: 1}
  m_AmbientIntensity: 1
  m_AmbientMode: 0
  m_SubtractiveShadowColor: {r: 0.42, g: 0.478, b: 0.627, a: 1}
  m_SkyboxMaterial: {fileID: 10304, guid: 0000000000000000f000000000000000, type: 0}
  m_HaloStrength: 0.5
  m_FlareStrength: 1
  m_FlareFadeSpeed: 3
  m_HaloTexture: {fileID: 0}
  m_SpotCookie: {fileID: 10001, guid: 0000000000000000e000000000000000, type: 0}
  m_DefaultReflectionMode: 0
  m_DefaultReflectionResolution: 128
  m_ReflectionBounces: 1
  m_ReflectionIntensity: 1
  m_CustomReflection: {fileID: 0}
  m_Sun: {fileID: 0}
  m_IndirectSpecularColor: {r: 0, g: 0, b: 0, a: 1}
  m_UseRadianceAmbientProbe: 0
--- !u!157 &3
LightmapSettings:
  m_ObjectHideFlags: 0
  serializedVersion: 11
  m_GIWorkflowMode: 1
  m_GISettings:
    serializedVersion: 2
    m_BounceScale: 1
    m_IndirectOutputScale: 1
    m_AlbedoBoost: 1
    m_EnvironmentLightingMode: 0
    m_EnableBakedLightmaps: 1
    m_EnableRealtimeLightmaps: 1
  m_LightmapEditorSettings:
    serializedVersion: 12
    m_Resolution: 2
    m_BakeResolution: 40
    m_AtlasSize: 1024
    m_AO: 0
    m_AOMaxDistance: 1
    m_CompAOExponent: 1
    m_CompAOExponentDirect: 0
    m_ExtractAmbientOcclusion: 0
    m_Padding: 2
    m_LightmapParameters: {fileID: 0}
    m_LightmapsBakeMode: 1
    m_TextureCompression: 1
    m_FinalGather: 0
    m_FinalGatherFiltering: 1
    m_FinalGatherRayCount: 256
    m_ReflectionCompression: 2
    m_MixedBakeMode: 2
    m_BakeBackend: 1
    m_PVRSampling: 1
    m_PVRDirectSampleCount: 32
    m_PVRSampleCount: 512
    m_PVRBounces: 2
    m_PVREnvironmentSampleCount: 256
    m_PVREnvironmentReferencePointCount: 2048
    m_PVRFilteringMode: 1
    m_PVRDenoiserTypeDirect: 1
    m_PVRDenoiserTypeIndirect: 1
    m_PVRDenoiserTypeAO: 1
    m_PVRFilterTypeDirect: 0
    m_PVRFilterTypeIndirect: 0
    m_PVRFilterTypeAO: 0
    m_PVREnvironmentMIS: 1
    m_PVRCulling: 1
    m_PVRFilteringGaussRadiusDirect: 1
    m_PVRFilteringGaussRadiusIndirect: 5
    m_PVRFilteringGaussRadiusAO: 2
    m_PVRFilteringAtrousPositionSigmaDirect: 0.5
    m_PVRFilteringAtrousPositionSigmaIndirect: 2
    m_PVRFilteringAtrousPositionSigmaAO: 1
    m_ShowResolutionOverlay: 1
    m_ExportTrainingData: 0
  m_LightingDataAsset: {fileID: 0}
  m_UseShadowmask: 1
--- !u!196 &4
NavMeshSettings:
  serializedVersion: 2
  m_ObjectHideFlags: 0
  m_BuildSettings:
    serializedVersion: 2
    agentTypeID: 0
    agentRadius: 0.5
    agentHeight: 2
    agentSlope: 45
    agentClimb: 0.4
    ledgeDropHeight: 0
    maxJumpAcrossDistance: 0
    minRegionArea: 2
    manualCellSize: 0
    cellSize: 0.16666667
    manualTileSize: 0
    tileSize: 256
    accuratePlacement: 0
    debug:
      m_Flags: 0
  m_NavMeshData: {fileID: 0}
--- !u!1 &75070872
GameObject:
  m_ObjectHideFlags: 0
  m_CorrespondingSourceObject: {fileID: 0}
  m_PrefabInstance: {fileID: 0}
  m_PrefabAsset: {fileID: 0}
  serializedVersion: 6
  m_Component:
  - component: {fileID: 75070874}
  - component: {fileID: 75070873}
  m_Layer: 0
  m_Name: FireFighterAudioSource
  m_TagString: Untagged
  m_Icon: {fileID: 0}
  m_NavMeshLayer: 0
  m_StaticEditorFlags: 0
  m_IsActive: 1
--- !u!82 &75070873
AudioSource:
  m_ObjectHideFlags: 0
  m_CorrespondingSourceObject: {fileID: 0}
  m_PrefabInstance: {fileID: 0}
  m_PrefabAsset: {fileID: 0}
  m_GameObject: {fileID: 75070872}
  m_Enabled: 1
  serializedVersion: 4
  OutputAudioMixerGroup: {fileID: 0}
  m_audioClip: {fileID: 0}
  m_PlayOnAwake: 1
  m_Volume: 0.65
  m_Pitch: 1
  Loop: 1
  Mute: 0
  Spatialize: 0
  SpatializePostEffects: 0
  Priority: 97
  DopplerLevel: 1
  MinDistance: 1
  MaxDistance: 500
  Pan2D: 0
  rolloffMode: 0
  BypassEffects: 0
  BypassListenerEffects: 0
  BypassReverbZones: 0
  rolloffCustomCurve:
    serializedVersion: 2
    m_Curve:
    - serializedVersion: 3
      time: 0
      value: 1
      inSlope: 0
      outSlope: 0
      tangentMode: 0
      weightedMode: 0
      inWeight: 0.33333334
      outWeight: 0.33333334
    - serializedVersion: 3
      time: 1
      value: 0
      inSlope: 0
      outSlope: 0
      tangentMode: 0
      weightedMode: 0
      inWeight: 0.33333334
      outWeight: 0.33333334
    m_PreInfinity: 2
    m_PostInfinity: 2
    m_RotationOrder: 4
  panLevelCustomCurve:
    serializedVersion: 2
    m_Curve:
    - serializedVersion: 3
      time: 0
      value: 0
      inSlope: 0
      outSlope: 0
      tangentMode: 0
      weightedMode: 0
      inWeight: 0.33333334
      outWeight: 0.33333334
    m_PreInfinity: 2
    m_PostInfinity: 2
    m_RotationOrder: 4
  spreadCustomCurve:
    serializedVersion: 2
    m_Curve:
    - serializedVersion: 3
      time: 0
      value: 0
      inSlope: 0
      outSlope: 0
      tangentMode: 0
      weightedMode: 0
      inWeight: 0.33333334
      outWeight: 0.33333334
    m_PreInfinity: 2
    m_PostInfinity: 2
    m_RotationOrder: 4
  reverbZoneMixCustomCurve:
    serializedVersion: 2
    m_Curve:
    - serializedVersion: 3
      time: 0
      value: 1
      inSlope: 0
      outSlope: 0
      tangentMode: 0
      weightedMode: 0
      inWeight: 0.33333334
      outWeight: 0.33333334
    m_PreInfinity: 2
    m_PostInfinity: 2
    m_RotationOrder: 4
--- !u!4 &75070874
Transform:
  m_ObjectHideFlags: 0
  m_CorrespondingSourceObject: {fileID: 0}
  m_PrefabInstance: {fileID: 0}
  m_PrefabAsset: {fileID: 0}
  m_GameObject: {fileID: 75070872}
  m_LocalRotation: {x: 0, y: 0, z: 0, w: 1}
  m_LocalPosition: {x: -17.053528, y: 0.6705423, z: -23.978292}
  m_LocalScale: {x: 1, y: 1, z: 1}
  m_Children: []
  m_Father: {fileID: 0}
  m_RootOrder: 14
  m_LocalEulerAnglesHint: {x: 0, y: 0, z: 0}
--- !u!1 &95100470
GameObject:
  m_ObjectHideFlags: 0
  m_CorrespondingSourceObject: {fileID: 0}
  m_PrefabInstance: {fileID: 0}
  m_PrefabAsset: {fileID: 0}
  serializedVersion: 6
  m_Component:
  - component: {fileID: 95100472}
  - component: {fileID: 95100471}
  m_Layer: 0
  m_Name: EarthqukaeAudioSource
  m_TagString: Untagged
  m_Icon: {fileID: 0}
  m_NavMeshLayer: 0
  m_StaticEditorFlags: 0
  m_IsActive: 1
--- !u!82 &95100471
AudioSource:
  m_ObjectHideFlags: 0
  m_CorrespondingSourceObject: {fileID: 0}
  m_PrefabInstance: {fileID: 0}
  m_PrefabAsset: {fileID: 0}
  m_GameObject: {fileID: 95100470}
  m_Enabled: 1
  serializedVersion: 4
  OutputAudioMixerGroup: {fileID: 0}
  m_audioClip: {fileID: 0}
  m_PlayOnAwake: 1
  m_Volume: 1
  m_Pitch: 1
  Loop: 0
  Mute: 0
  Spatialize: 0
  SpatializePostEffects: 0
  Priority: 128
  DopplerLevel: 1
  MinDistance: 1
  MaxDistance: 500
  Pan2D: 0
  rolloffMode: 0
  BypassEffects: 0
  BypassListenerEffects: 0
  BypassReverbZones: 0
  rolloffCustomCurve:
    serializedVersion: 2
    m_Curve:
    - serializedVersion: 3
      time: 0
      value: 1
      inSlope: 0
      outSlope: 0
      tangentMode: 0
      weightedMode: 0
      inWeight: 0.33333334
      outWeight: 0.33333334
    - serializedVersion: 3
      time: 1
      value: 0
      inSlope: 0
      outSlope: 0
      tangentMode: 0
      weightedMode: 0
      inWeight: 0.33333334
      outWeight: 0.33333334
    m_PreInfinity: 2
    m_PostInfinity: 2
    m_RotationOrder: 4
  panLevelCustomCurve:
    serializedVersion: 2
    m_Curve:
    - serializedVersion: 3
      time: 0
      value: 0
      inSlope: 0
      outSlope: 0
      tangentMode: 0
      weightedMode: 0
      inWeight: 0.33333334
      outWeight: 0.33333334
    m_PreInfinity: 2
    m_PostInfinity: 2
    m_RotationOrder: 4
  spreadCustomCurve:
    serializedVersion: 2
    m_Curve:
    - serializedVersion: 3
      time: 0
      value: 0
      inSlope: 0
      outSlope: 0
      tangentMode: 0
      weightedMode: 0
      inWeight: 0.33333334
      outWeight: 0.33333334
    m_PreInfinity: 2
    m_PostInfinity: 2
    m_RotationOrder: 4
  reverbZoneMixCustomCurve:
    serializedVersion: 2
    m_Curve:
    - serializedVersion: 3
      time: 0
      value: 1
      inSlope: 0
      outSlope: 0
      tangentMode: 0
      weightedMode: 0
      inWeight: 0.33333334
      outWeight: 0.33333334
    m_PreInfinity: 2
    m_PostInfinity: 2
    m_RotationOrder: 4
--- !u!4 &95100472
Transform:
  m_ObjectHideFlags: 0
  m_CorrespondingSourceObject: {fileID: 0}
  m_PrefabInstance: {fileID: 0}
  m_PrefabAsset: {fileID: 0}
  m_GameObject: {fileID: 95100470}
  m_LocalRotation: {x: 0, y: 0, z: 0, w: 1}
  m_LocalPosition: {x: -1.285, y: 0.42, z: -6.523}
  m_LocalScale: {x: 1, y: 1, z: 1}
  m_Children: []
  m_Father: {fileID: 0}
  m_RootOrder: 13
  m_LocalEulerAnglesHint: {x: 0, y: 0, z: 0}
--- !u!1001 &124645675
PrefabInstance:
  m_ObjectHideFlags: 0
  serializedVersion: 2
  m_Modification:
    m_TransformParent: {fileID: 1469728519}
    m_Modifications:
    - target: {fileID: 1395934266607195268, guid: 00c80578fd4fbf046a1679d90a23a52b,
        type: 3}
      propertyPath: m_Name
      value: Steam
      objectReference: {fileID: 0}
    - target: {fileID: 1395934266607195268, guid: 00c80578fd4fbf046a1679d90a23a52b,
        type: 3}
      propertyPath: m_TagString
      value: FireExtinguisher
      objectReference: {fileID: 0}
    - target: {fileID: 826091138982613482, guid: 00c80578fd4fbf046a1679d90a23a52b,
        type: 3}
      propertyPath: m_LocalPosition.x
      value: 53
      objectReference: {fileID: 0}
    - target: {fileID: 826091138982613482, guid: 00c80578fd4fbf046a1679d90a23a52b,
        type: 3}
      propertyPath: m_LocalPosition.y
      value: -32.5
      objectReference: {fileID: 0}
    - target: {fileID: 826091138982613482, guid: 00c80578fd4fbf046a1679d90a23a52b,
        type: 3}
      propertyPath: m_LocalPosition.z
      value: -22.7
      objectReference: {fileID: 0}
    - target: {fileID: 826091138982613482, guid: 00c80578fd4fbf046a1679d90a23a52b,
        type: 3}
      propertyPath: m_LocalRotation.x
      value: -0.1836197
      objectReference: {fileID: 0}
    - target: {fileID: 826091138982613482, guid: 00c80578fd4fbf046a1679d90a23a52b,
        type: 3}
      propertyPath: m_LocalRotation.y
      value: -0.6828498
      objectReference: {fileID: 0}
    - target: {fileID: 826091138982613482, guid: 00c80578fd4fbf046a1679d90a23a52b,
        type: 3}
      propertyPath: m_LocalRotation.z
      value: -0.6828498
      objectReference: {fileID: 0}
    - target: {fileID: 826091138982613482, guid: 00c80578fd4fbf046a1679d90a23a52b,
        type: 3}
      propertyPath: m_LocalRotation.w
      value: -0.1836197
      objectReference: {fileID: 0}
    - target: {fileID: 826091138982613482, guid: 00c80578fd4fbf046a1679d90a23a52b,
        type: 3}
      propertyPath: m_RootOrder
      value: 51
      objectReference: {fileID: 0}
    - target: {fileID: 826091138982613482, guid: 00c80578fd4fbf046a1679d90a23a52b,
        type: 3}
      propertyPath: m_LocalEulerAnglesHint.x
      value: -59.898003
      objectReference: {fileID: 0}
    - target: {fileID: 826091138982613482, guid: 00c80578fd4fbf046a1679d90a23a52b,
        type: 3}
      propertyPath: m_LocalEulerAnglesHint.y
      value: 90.00001
      objectReference: {fileID: 0}
    - target: {fileID: 826091138982613482, guid: 00c80578fd4fbf046a1679d90a23a52b,
        type: 3}
      propertyPath: m_LocalEulerAnglesHint.z
      value: 90.00001
      objectReference: {fileID: 0}
    - target: {fileID: 826091138982613482, guid: 00c80578fd4fbf046a1679d90a23a52b,
        type: 3}
      propertyPath: m_LocalScale.x
      value: 33.33336
      objectReference: {fileID: 0}
    - target: {fileID: 826091138982613482, guid: 00c80578fd4fbf046a1679d90a23a52b,
        type: 3}
      propertyPath: m_LocalScale.y
      value: 33.33335
      objectReference: {fileID: 0}
    - target: {fileID: 826091138982613482, guid: 00c80578fd4fbf046a1679d90a23a52b,
        type: 3}
      propertyPath: m_LocalScale.z
      value: 33.33335
      objectReference: {fileID: 0}
    - target: {fileID: 4104449766610131647, guid: 00c80578fd4fbf046a1679d90a23a52b,
        type: 3}
      propertyPath: m_LocalPosition.x
      value: 1.264
      objectReference: {fileID: 0}
    - target: {fileID: 4104449766610131647, guid: 00c80578fd4fbf046a1679d90a23a52b,
        type: 3}
      propertyPath: m_LocalPosition.y
      value: 1.029
      objectReference: {fileID: 0}
    - target: {fileID: 4104449766610131647, guid: 00c80578fd4fbf046a1679d90a23a52b,
        type: 3}
      propertyPath: m_LocalPosition.z
      value: 0.039
      objectReference: {fileID: 0}
    - target: {fileID: 4104449766610131647, guid: 00c80578fd4fbf046a1679d90a23a52b,
        type: 3}
      propertyPath: m_LocalRotation.x
      value: 0
      objectReference: {fileID: 0}
    - target: {fileID: 4104449766610131647, guid: 00c80578fd4fbf046a1679d90a23a52b,
        type: 3}
      propertyPath: m_LocalRotation.y
      value: -0.7071068
      objectReference: {fileID: 0}
    - target: {fileID: 4104449766610131647, guid: 00c80578fd4fbf046a1679d90a23a52b,
        type: 3}
      propertyPath: m_LocalRotation.z
      value: 0
      objectReference: {fileID: 0}
    - target: {fileID: 4104449766610131647, guid: 00c80578fd4fbf046a1679d90a23a52b,
        type: 3}
      propertyPath: m_LocalRotation.w
      value: 0.7071068
      objectReference: {fileID: 0}
    - target: {fileID: 4104449766610131647, guid: 00c80578fd4fbf046a1679d90a23a52b,
        type: 3}
      propertyPath: m_LocalEulerAnglesHint.x
      value: 0
      objectReference: {fileID: 0}
    - target: {fileID: 4104449766610131647, guid: 00c80578fd4fbf046a1679d90a23a52b,
        type: 3}
      propertyPath: m_LocalEulerAnglesHint.y
      value: -90
      objectReference: {fileID: 0}
    - target: {fileID: 4104449766610131647, guid: 00c80578fd4fbf046a1679d90a23a52b,
        type: 3}
      propertyPath: m_LocalEulerAnglesHint.z
      value: 0
      objectReference: {fileID: 0}
    m_RemovedComponents: []
  m_SourcePrefab: {fileID: 100100000, guid: 00c80578fd4fbf046a1679d90a23a52b, type: 3}
--- !u!1001 &405276299
PrefabInstance:
  m_ObjectHideFlags: 0
  serializedVersion: 2
  m_Modification:
    m_TransformParent: {fileID: 0}
    m_Modifications:
    - target: {fileID: 8461695745871171247, guid: 9ad5341b40999a74aba7ca6feceb6629,
        type: 3}
      propertyPath: m_Name
      value: StairWay (1)
      objectReference: {fileID: 0}
    - target: {fileID: 8461695745871171246, guid: 9ad5341b40999a74aba7ca6feceb6629,
        type: 3}
      propertyPath: m_LocalPosition.x
      value: 1.355
      objectReference: {fileID: 0}
    - target: {fileID: 8461695745871171246, guid: 9ad5341b40999a74aba7ca6feceb6629,
        type: 3}
      propertyPath: m_LocalPosition.y
      value: -3.09
      objectReference: {fileID: 0}
    - target: {fileID: 8461695745871171246, guid: 9ad5341b40999a74aba7ca6feceb6629,
        type: 3}
      propertyPath: m_LocalPosition.z
      value: -10.86
      objectReference: {fileID: 0}
    - target: {fileID: 8461695745871171246, guid: 9ad5341b40999a74aba7ca6feceb6629,
        type: 3}
      propertyPath: m_LocalRotation.x
      value: 0
      objectReference: {fileID: 0}
    - target: {fileID: 8461695745871171246, guid: 9ad5341b40999a74aba7ca6feceb6629,
        type: 3}
      propertyPath: m_LocalRotation.y
      value: 1
      objectReference: {fileID: 0}
    - target: {fileID: 8461695745871171246, guid: 9ad5341b40999a74aba7ca6feceb6629,
        type: 3}
      propertyPath: m_LocalRotation.z
      value: 0
      objectReference: {fileID: 0}
    - target: {fileID: 8461695745871171246, guid: 9ad5341b40999a74aba7ca6feceb6629,
        type: 3}
      propertyPath: m_LocalRotation.w
      value: 0
      objectReference: {fileID: 0}
    - target: {fileID: 8461695745871171246, guid: 9ad5341b40999a74aba7ca6feceb6629,
        type: 3}
      propertyPath: m_RootOrder
      value: 20
      objectReference: {fileID: 0}
    - target: {fileID: 8461695745871171246, guid: 9ad5341b40999a74aba7ca6feceb6629,
        type: 3}
      propertyPath: m_LocalEulerAnglesHint.x
      value: 0
      objectReference: {fileID: 0}
    - target: {fileID: 8461695745871171246, guid: 9ad5341b40999a74aba7ca6feceb6629,
        type: 3}
      propertyPath: m_LocalEulerAnglesHint.y
      value: 180
      objectReference: {fileID: 0}
    - target: {fileID: 8461695745871171246, guid: 9ad5341b40999a74aba7ca6feceb6629,
        type: 3}
      propertyPath: m_LocalEulerAnglesHint.z
      value: 0
      objectReference: {fileID: 0}
    - target: {fileID: 8342943618707853487, guid: 9ad5341b40999a74aba7ca6feceb6629,
        type: 3}
      propertyPath: m_LocalPosition.x
      value: -0.878
      objectReference: {fileID: 0}
    m_RemovedComponents: []
  m_SourcePrefab: {fileID: 100100000, guid: 9ad5341b40999a74aba7ca6feceb6629, type: 3}
--- !u!1001 &472150601
PrefabInstance:
  m_ObjectHideFlags: 0
  serializedVersion: 2
  m_Modification:
    m_TransformParent: {fileID: 0}
    m_Modifications:
    - target: {fileID: 1273915125232972, guid: 73767e07adddc394d82b994801f89bbb, type: 3}
      propertyPath: m_Name
      value: SmokeEffect
      objectReference: {fileID: 0}
    - target: {fileID: 4508696319873668, guid: 73767e07adddc394d82b994801f89bbb, type: 3}
      propertyPath: m_LocalPosition.x
      value: -2.136
      objectReference: {fileID: 0}
    - target: {fileID: 4508696319873668, guid: 73767e07adddc394d82b994801f89bbb, type: 3}
      propertyPath: m_LocalPosition.y
      value: 0.673
      objectReference: {fileID: 0}
    - target: {fileID: 4508696319873668, guid: 73767e07adddc394d82b994801f89bbb, type: 3}
      propertyPath: m_LocalPosition.z
      value: -15.507
      objectReference: {fileID: 0}
    - target: {fileID: 4508696319873668, guid: 73767e07adddc394d82b994801f89bbb, type: 3}
      propertyPath: m_LocalRotation.x
      value: -0.7071068
      objectReference: {fileID: 0}
    - target: {fileID: 4508696319873668, guid: 73767e07adddc394d82b994801f89bbb, type: 3}
      propertyPath: m_LocalRotation.y
      value: 0
      objectReference: {fileID: 0}
    - target: {fileID: 4508696319873668, guid: 73767e07adddc394d82b994801f89bbb, type: 3}
      propertyPath: m_LocalRotation.z
      value: 0
      objectReference: {fileID: 0}
    - target: {fileID: 4508696319873668, guid: 73767e07adddc394d82b994801f89bbb, type: 3}
      propertyPath: m_LocalRotation.w
      value: 0.7071068
      objectReference: {fileID: 0}
    - target: {fileID: 4508696319873668, guid: 73767e07adddc394d82b994801f89bbb, type: 3}
      propertyPath: m_RootOrder
      value: 2
      objectReference: {fileID: 0}
    - target: {fileID: 4508696319873668, guid: 73767e07adddc394d82b994801f89bbb, type: 3}
      propertyPath: m_LocalEulerAnglesHint.x
      value: -90
      objectReference: {fileID: 0}
    - target: {fileID: 4508696319873668, guid: 73767e07adddc394d82b994801f89bbb, type: 3}
      propertyPath: m_LocalEulerAnglesHint.y
      value: 0
      objectReference: {fileID: 0}
    - target: {fileID: 4508696319873668, guid: 73767e07adddc394d82b994801f89bbb, type: 3}
      propertyPath: m_LocalEulerAnglesHint.z
      value: 0
      objectReference: {fileID: 0}
    - target: {fileID: 198791558892717060, guid: 73767e07adddc394d82b994801f89bbb,
        type: 3}
      propertyPath: InitialModule.startLifetime.minScalar
      value: 120
      objectReference: {fileID: 0}
    - target: {fileID: 198791558892717060, guid: 73767e07adddc394d82b994801f89bbb,
        type: 3}
      propertyPath: InitialModule.startLifetime.scalar
      value: 120
      objectReference: {fileID: 0}
    - target: {fileID: 198791558892717060, guid: 73767e07adddc394d82b994801f89bbb,
        type: 3}
      propertyPath: InitialModule.gravityModifier.scalar
      value: -0.1
      objectReference: {fileID: 0}
    - target: {fileID: 198791558892717060, guid: 73767e07adddc394d82b994801f89bbb,
        type: 3}
      propertyPath: NoiseModule.strength.scalar
      value: 1.5
      objectReference: {fileID: 0}
    - target: {fileID: 198791558892717060, guid: 73767e07adddc394d82b994801f89bbb,
        type: 3}
      propertyPath: NoiseModule.frequency
      value: 0.5
      objectReference: {fileID: 0}
    - target: {fileID: 198791558892717060, guid: 73767e07adddc394d82b994801f89bbb,
        type: 3}
      propertyPath: CollisionModule.m_Bounce.scalar
      value: 0.1
      objectReference: {fileID: 0}
    - target: {fileID: 198791558892717060, guid: 73767e07adddc394d82b994801f89bbb,
        type: 3}
      propertyPath: looping
      value: 1
      objectReference: {fileID: 0}
    - target: {fileID: 198791558892717060, guid: 73767e07adddc394d82b994801f89bbb,
        type: 3}
      propertyPath: prewarm
      value: 0
      objectReference: {fileID: 0}
    - target: {fileID: 198791558892717060, guid: 73767e07adddc394d82b994801f89bbb,
        type: 3}
      propertyPath: InitialModule.startSize.minScalar
      value: 4
      objectReference: {fileID: 0}
    - target: {fileID: 198791558892717060, guid: 73767e07adddc394d82b994801f89bbb,
        type: 3}
      propertyPath: InitialModule.startSize.scalar
      value: 5
      objectReference: {fileID: 0}
    m_RemovedComponents: []
  m_SourcePrefab: {fileID: 100100000, guid: 73767e07adddc394d82b994801f89bbb, type: 3}
--- !u!1001 &483665728
PrefabInstance:
  m_ObjectHideFlags: 0
  serializedVersion: 2
  m_Modification:
    m_TransformParent: {fileID: 0}
    m_Modifications:
    - target: {fileID: 5815492887749682813, guid: c40a56388659d924eb96eb51cc02aceb,
        type: 3}
      propertyPath: m_Name
      value: KitchenFire
      objectReference: {fileID: 0}
    - target: {fileID: 5815492887749682813, guid: c40a56388659d924eb96eb51cc02aceb,
        type: 3}
      propertyPath: m_TagString
      value: KitchenFire
      objectReference: {fileID: 0}
    - target: {fileID: 6245571727310575490, guid: c40a56388659d924eb96eb51cc02aceb,
        type: 3}
      propertyPath: m_LocalPosition.x
      value: -2.897
      objectReference: {fileID: 0}
    - target: {fileID: 6245571727310575490, guid: c40a56388659d924eb96eb51cc02aceb,
        type: 3}
      propertyPath: m_LocalPosition.y
      value: 0
      objectReference: {fileID: 0}
    - target: {fileID: 6245571727310575490, guid: c40a56388659d924eb96eb51cc02aceb,
        type: 3}
      propertyPath: m_LocalPosition.z
      value: -15.168
      objectReference: {fileID: 0}
    - target: {fileID: 6245571727310575490, guid: c40a56388659d924eb96eb51cc02aceb,
        type: 3}
      propertyPath: m_LocalRotation.x
      value: -0.7071068
      objectReference: {fileID: 0}
    - target: {fileID: 6245571727310575490, guid: c40a56388659d924eb96eb51cc02aceb,
        type: 3}
      propertyPath: m_LocalRotation.y
      value: 0
      objectReference: {fileID: 0}
    - target: {fileID: 6245571727310575490, guid: c40a56388659d924eb96eb51cc02aceb,
        type: 3}
      propertyPath: m_LocalRotation.z
      value: 0
      objectReference: {fileID: 0}
    - target: {fileID: 6245571727310575490, guid: c40a56388659d924eb96eb51cc02aceb,
        type: 3}
      propertyPath: m_LocalRotation.w
      value: 0.7071068
      objectReference: {fileID: 0}
    - target: {fileID: 6245571727310575490, guid: c40a56388659d924eb96eb51cc02aceb,
        type: 3}
      propertyPath: m_RootOrder
      value: 3
      objectReference: {fileID: 0}
    - target: {fileID: 6245571727310575490, guid: c40a56388659d924eb96eb51cc02aceb,
        type: 3}
      propertyPath: m_LocalEulerAnglesHint.x
      value: -90
      objectReference: {fileID: 0}
    - target: {fileID: 6245571727310575490, guid: c40a56388659d924eb96eb51cc02aceb,
        type: 3}
      propertyPath: m_LocalEulerAnglesHint.y
      value: 0
      objectReference: {fileID: 0}
    - target: {fileID: 6245571727310575490, guid: c40a56388659d924eb96eb51cc02aceb,
        type: 3}
      propertyPath: m_LocalEulerAnglesHint.z
      value: 0
      objectReference: {fileID: 0}
    - target: {fileID: 8739717746032417459, guid: c40a56388659d924eb96eb51cc02aceb,
        type: 3}
      propertyPath: LightsModule.enabled
      value: 0
      objectReference: {fileID: 0}
    m_RemovedComponents: []
  m_SourcePrefab: {fileID: 100100000, guid: c40a56388659d924eb96eb51cc02aceb, type: 3}
--- !u!1 &671216099
GameObject:
  m_ObjectHideFlags: 0
  m_CorrespondingSourceObject: {fileID: 0}
  m_PrefabInstance: {fileID: 0}
  m_PrefabAsset: {fileID: 0}
  serializedVersion: 6
  m_Component:
  - component: {fileID: 671216101}
  - component: {fileID: 671216100}
  m_Layer: 0
  m_Name: FireArlarmAudioSource
  m_TagString: Untagged
  m_Icon: {fileID: 0}
  m_NavMeshLayer: 0
  m_StaticEditorFlags: 0
  m_IsActive: 1
--- !u!82 &671216100
AudioSource:
  m_ObjectHideFlags: 0
  m_CorrespondingSourceObject: {fileID: 0}
  m_PrefabInstance: {fileID: 0}
  m_PrefabAsset: {fileID: 0}
  m_GameObject: {fileID: 671216099}
  m_Enabled: 1
  serializedVersion: 4
  OutputAudioMixerGroup: {fileID: 0}
  m_audioClip: {fileID: 0}
  m_PlayOnAwake: 1
  m_Volume: 1
  m_Pitch: 1
  Loop: 0
  Mute: 0
  Spatialize: 0
  SpatializePostEffects: 0
  Priority: 128
  DopplerLevel: 1
  MinDistance: 1
  MaxDistance: 500
  Pan2D: 0
  rolloffMode: 0
  BypassEffects: 0
  BypassListenerEffects: 0
  BypassReverbZones: 0
  rolloffCustomCurve:
    serializedVersion: 2
    m_Curve:
    - serializedVersion: 3
      time: 0
      value: 1
      inSlope: 0
      outSlope: 0
      tangentMode: 0
      weightedMode: 0
      inWeight: 0.33333334
      outWeight: 0.33333334
    - serializedVersion: 3
      time: 1
      value: 0
      inSlope: 0
      outSlope: 0
      tangentMode: 0
      weightedMode: 0
      inWeight: 0.33333334
      outWeight: 0.33333334
    m_PreInfinity: 2
    m_PostInfinity: 2
    m_RotationOrder: 4
  panLevelCustomCurve:
    serializedVersion: 2
    m_Curve:
    - serializedVersion: 3
      time: 0
      value: 0
      inSlope: 0
      outSlope: 0
      tangentMode: 0
      weightedMode: 0
      inWeight: 0.33333334
      outWeight: 0.33333334
    m_PreInfinity: 2
    m_PostInfinity: 2
    m_RotationOrder: 4
  spreadCustomCurve:
    serializedVersion: 2
    m_Curve:
    - serializedVersion: 3
      time: 0
      value: 0
      inSlope: 0
      outSlope: 0
      tangentMode: 0
      weightedMode: 0
      inWeight: 0.33333334
      outWeight: 0.33333334
    m_PreInfinity: 2
    m_PostInfinity: 2
    m_RotationOrder: 4
  reverbZoneMixCustomCurve:
    serializedVersion: 2
    m_Curve:
    - serializedVersion: 3
      time: 0
      value: 1
      inSlope: 0
      outSlope: 0
      tangentMode: 0
      weightedMode: 0
      inWeight: 0.33333334
      outWeight: 0.33333334
    m_PreInfinity: 2
    m_PostInfinity: 2
    m_RotationOrder: 4
--- !u!4 &671216101
Transform:
  m_ObjectHideFlags: 0
  m_CorrespondingSourceObject: {fileID: 0}
  m_PrefabInstance: {fileID: 0}
  m_PrefabAsset: {fileID: 0}
  m_GameObject: {fileID: 671216099}
  m_LocalRotation: {x: 0, y: 0, z: 0, w: 1}
  m_LocalPosition: {x: -6.633, y: 2.256, z: -6.42}
  m_LocalScale: {x: 1, y: 1, z: 1}
  m_Children: []
  m_Father: {fileID: 0}
  m_RootOrder: 12
  m_LocalEulerAnglesHint: {x: 0, y: 0, z: 0}
--- !u!1 &807857881
GameObject:
  m_ObjectHideFlags: 0
  m_CorrespondingSourceObject: {fileID: 0}
  m_PrefabInstance: {fileID: 0}
  m_PrefabAsset: {fileID: 0}
  serializedVersion: 6
  m_Component:
  - component: {fileID: 807857884}
  - component: {fileID: 807857883}
  - component: {fileID: 807857882}
  m_Layer: 0
  m_Name: EarthqukaeSaveZone (3)
  m_TagString: Untagged
  m_Icon: {fileID: 0}
  m_NavMeshLayer: 0
  m_StaticEditorFlags: 0
  m_IsActive: 1
--- !u!114 &807857882
MonoBehaviour:
  m_ObjectHideFlags: 0
  m_CorrespondingSourceObject: {fileID: 0}
  m_PrefabInstance: {fileID: 0}
  m_PrefabAsset: {fileID: 0}
  m_GameObject: {fileID: 807857881}
  m_Enabled: 1
  m_EditorHideFlags: 0
  m_Script: {fileID: 11500000, guid: 236e135e1aec336449738d960feac343, type: 3}
  m_Name: 
  m_EditorClassIdentifier: 
--- !u!65 &807857883
BoxCollider:
  m_ObjectHideFlags: 0
  m_CorrespondingSourceObject: {fileID: 0}
  m_PrefabInstance: {fileID: 0}
  m_PrefabAsset: {fileID: 0}
  m_GameObject: {fileID: 807857881}
  m_Material: {fileID: 0}
  m_IsTrigger: 1
  m_Enabled: 1
  serializedVersion: 2
  m_Size: {x: 1, y: 1, z: 1}
  m_Center: {x: 0, y: 0, z: 0}
--- !u!4 &807857884
Transform:
  m_ObjectHideFlags: 0
  m_CorrespondingSourceObject: {fileID: 0}
  m_PrefabInstance: {fileID: 0}
  m_PrefabAsset: {fileID: 0}
  m_GameObject: {fileID: 807857881}
  m_LocalRotation: {x: 0, y: 0, z: 0, w: 1}
  m_LocalPosition: {x: -0.643, y: 0.588, z: -12.116}
  m_LocalScale: {x: 1, y: 1, z: 1}
  m_Children: []
  m_Father: {fileID: 0}
  m_RootOrder: 10
  m_LocalEulerAnglesHint: {x: 0, y: 0, z: 0}
--- !u!1001 &827055778
PrefabInstance:
  m_ObjectHideFlags: 0
  serializedVersion: 2
  m_Modification:
    m_TransformParent: {fileID: 0}
    m_Modifications:
    - target: {fileID: 3779158054632682895, guid: 695176d27b663924e89332ed1321fab1,
        type: 3}
      propertyPath: m_Name
      value: TestPlayer
      objectReference: {fileID: 0}
    - target: {fileID: 6267318904332078736, guid: 695176d27b663924e89332ed1321fab1,
        type: 3}
      propertyPath: m_LocalPosition.x
      value: -6.18
      objectReference: {fileID: 0}
    - target: {fileID: 6267318904332078736, guid: 695176d27b663924e89332ed1321fab1,
        type: 3}
      propertyPath: m_LocalPosition.y
      value: 0.837
      objectReference: {fileID: 0}
    - target: {fileID: 6267318904332078736, guid: 695176d27b663924e89332ed1321fab1,
        type: 3}
      propertyPath: m_LocalPosition.z
      value: -5.884
      objectReference: {fileID: 0}
    - target: {fileID: 6267318904332078736, guid: 695176d27b663924e89332ed1321fab1,
        type: 3}
      propertyPath: m_LocalRotation.x
      value: 0
      objectReference: {fileID: 0}
    - target: {fileID: 6267318904332078736, guid: 695176d27b663924e89332ed1321fab1,
        type: 3}
      propertyPath: m_LocalRotation.y
      value: 0
      objectReference: {fileID: 0}
    - target: {fileID: 6267318904332078736, guid: 695176d27b663924e89332ed1321fab1,
        type: 3}
      propertyPath: m_LocalRotation.z
      value: 0
      objectReference: {fileID: 0}
    - target: {fileID: 6267318904332078736, guid: 695176d27b663924e89332ed1321fab1,
        type: 3}
      propertyPath: m_LocalRotation.w
      value: 1
      objectReference: {fileID: 0}
    - target: {fileID: 6267318904332078736, guid: 695176d27b663924e89332ed1321fab1,
        type: 3}
      propertyPath: m_RootOrder
      value: 4
      objectReference: {fileID: 0}
    - target: {fileID: 6267318904332078736, guid: 695176d27b663924e89332ed1321fab1,
        type: 3}
      propertyPath: m_LocalEulerAnglesHint.x
      value: 0
      objectReference: {fileID: 0}
    - target: {fileID: 6267318904332078736, guid: 695176d27b663924e89332ed1321fab1,
        type: 3}
      propertyPath: m_LocalEulerAnglesHint.y
      value: 0
      objectReference: {fileID: 0}
    - target: {fileID: 6267318904332078736, guid: 695176d27b663924e89332ed1321fab1,
        type: 3}
      propertyPath: m_LocalEulerAnglesHint.z
      value: 0
      objectReference: {fileID: 0}
    - target: {fileID: 2727048075122022098, guid: 695176d27b663924e89332ed1321fab1,
        type: 3}
      propertyPath: m_Radius
      value: 0.25
      objectReference: {fileID: 0}
    - target: {fileID: 2727048075122022098, guid: 695176d27b663924e89332ed1321fab1,
        type: 3}
      propertyPath: m_Height
      value: 1.5
      objectReference: {fileID: 0}
    - target: {fileID: 3694881533088658337, guid: 695176d27b663924e89332ed1321fab1,
        type: 3}
      propertyPath: m_LocalScale.x
      value: 0.39042
      objectReference: {fileID: 0}
    m_RemovedComponents: []
  m_SourcePrefab: {fileID: 100100000, guid: 695176d27b663924e89332ed1321fab1, type: 3}
--- !u!1001 &847199888
PrefabInstance:
  m_ObjectHideFlags: 0
  serializedVersion: 2
  m_Modification:
    m_TransformParent: {fileID: 0}
    m_Modifications:
    - target: {fileID: 7116778557928167965, guid: 7fc591a0e999446408ec0e91375f9863,
        type: 3}
      propertyPath: m_Name
      value: EmptyApartment2
      objectReference: {fileID: 0}
    - target: {fileID: 6095826315132938254, guid: 7fc591a0e999446408ec0e91375f9863,
        type: 3}
      propertyPath: m_LocalPosition.x
      value: 0
      objectReference: {fileID: 0}
    - target: {fileID: 6095826315132938254, guid: 7fc591a0e999446408ec0e91375f9863,
        type: 3}
      propertyPath: m_LocalPosition.y
      value: -6.29
      objectReference: {fileID: 0}
    - target: {fileID: 6095826315132938254, guid: 7fc591a0e999446408ec0e91375f9863,
        type: 3}
      propertyPath: m_LocalPosition.z
      value: 0
      objectReference: {fileID: 0}
    - target: {fileID: 6095826315132938254, guid: 7fc591a0e999446408ec0e91375f9863,
        type: 3}
      propertyPath: m_LocalRotation.x
      value: 0
      objectReference: {fileID: 0}
    - target: {fileID: 6095826315132938254, guid: 7fc591a0e999446408ec0e91375f9863,
        type: 3}
      propertyPath: m_LocalRotation.y
      value: 0
      objectReference: {fileID: 0}
    - target: {fileID: 6095826315132938254, guid: 7fc591a0e999446408ec0e91375f9863,
        type: 3}
      propertyPath: m_LocalRotation.z
      value: 0
      objectReference: {fileID: 0}
    - target: {fileID: 6095826315132938254, guid: 7fc591a0e999446408ec0e91375f9863,
        type: 3}
      propertyPath: m_LocalRotation.w
      value: 1
      objectReference: {fileID: 0}
    - target: {fileID: 6095826315132938254, guid: 7fc591a0e999446408ec0e91375f9863,
        type: 3}
      propertyPath: m_RootOrder
      value: 16
      objectReference: {fileID: 0}
    - target: {fileID: 6095826315132938254, guid: 7fc591a0e999446408ec0e91375f9863,
        type: 3}
      propertyPath: m_LocalEulerAnglesHint.x
      value: 0
      objectReference: {fileID: 0}
    - target: {fileID: 6095826315132938254, guid: 7fc591a0e999446408ec0e91375f9863,
        type: 3}
      propertyPath: m_LocalEulerAnglesHint.y
      value: 0
      objectReference: {fileID: 0}
    - target: {fileID: 6095826315132938254, guid: 7fc591a0e999446408ec0e91375f9863,
        type: 3}
      propertyPath: m_LocalEulerAnglesHint.z
      value: 0
      objectReference: {fileID: 0}
    m_RemovedComponents: []
  m_SourcePrefab: {fileID: 100100000, guid: 7fc591a0e999446408ec0e91375f9863, type: 3}
--- !u!1 &913468354 stripped
GameObject:
  m_CorrespondingSourceObject: {fileID: 3779158054632682895, guid: 695176d27b663924e89332ed1321fab1,
    type: 3}
  m_PrefabInstance: {fileID: 827055778}
  m_PrefabAsset: {fileID: 0}
--- !u!114 &913468355
MonoBehaviour:
  m_ObjectHideFlags: 0
  m_CorrespondingSourceObject: {fileID: 0}
  m_PrefabInstance: {fileID: 0}
  m_PrefabAsset: {fileID: 0}
  m_GameObject: {fileID: 913468354}
  m_Enabled: 1
  m_EditorHideFlags: 0
  m_Script: {fileID: 11500000, guid: c311a353f4031cc46a87688e83d9827d, type: 3}
  m_Name: 
  m_EditorClassIdentifier: 
--- !u!1001 &936713479
PrefabInstance:
  m_ObjectHideFlags: 0
  serializedVersion: 2
  m_Modification:
    m_TransformParent: {fileID: 0}
    m_Modifications:
    - target: {fileID: 108825699484911281, guid: 14a3e14071f09124ba3902d1a02bada1,
        type: 3}
      propertyPath: m_Name
      value: fire_extinguisher
      objectReference: {fileID: 0}
    - target: {fileID: 108825699484911281, guid: 14a3e14071f09124ba3902d1a02bada1,
        type: 3}
      propertyPath: m_TagString
      value: FireExtinguisher
      objectReference: {fileID: 0}
    - target: {fileID: 4024522333378950306, guid: 14a3e14071f09124ba3902d1a02bada1,
        type: 3}
      propertyPath: m_LocalPosition.x
      value: -1.335
      objectReference: {fileID: 0}
    - target: {fileID: 4024522333378950306, guid: 14a3e14071f09124ba3902d1a02bada1,
        type: 3}
      propertyPath: m_LocalPosition.y
      value: 0.647
      objectReference: {fileID: 0}
    - target: {fileID: 4024522333378950306, guid: 14a3e14071f09124ba3902d1a02bada1,
        type: 3}
      propertyPath: m_LocalPosition.z
      value: -5.011
      objectReference: {fileID: 0}
    - target: {fileID: 4024522333378950306, guid: 14a3e14071f09124ba3902d1a02bada1,
        type: 3}
      propertyPath: m_LocalRotation.x
      value: -0
      objectReference: {fileID: 0}
    - target: {fileID: 4024522333378950306, guid: 14a3e14071f09124ba3902d1a02bada1,
        type: 3}
      propertyPath: m_LocalRotation.y
      value: 0.7554656
      objectReference: {fileID: 0}
    - target: {fileID: 4024522333378950306, guid: 14a3e14071f09124ba3902d1a02bada1,
        type: 3}
      propertyPath: m_LocalRotation.z
      value: -0
      objectReference: {fileID: 0}
    - target: {fileID: 4024522333378950306, guid: 14a3e14071f09124ba3902d1a02bada1,
        type: 3}
      propertyPath: m_LocalRotation.w
      value: 0.6551884
      objectReference: {fileID: 0}
    - target: {fileID: 4024522333378950306, guid: 14a3e14071f09124ba3902d1a02bada1,
        type: 3}
      propertyPath: m_RootOrder
      value: 1
      objectReference: {fileID: 0}
    - target: {fileID: 4024522333378950306, guid: 14a3e14071f09124ba3902d1a02bada1,
        type: 3}
      propertyPath: m_LocalEulerAnglesHint.x
      value: 0
      objectReference: {fileID: 0}
    - target: {fileID: 4024522333378950306, guid: 14a3e14071f09124ba3902d1a02bada1,
        type: 3}
      propertyPath: m_LocalEulerAnglesHint.y
      value: 98.132
      objectReference: {fileID: 0}
    - target: {fileID: 4024522333378950306, guid: 14a3e14071f09124ba3902d1a02bada1,
        type: 3}
      propertyPath: m_LocalEulerAnglesHint.z
      value: 0
      objectReference: {fileID: 0}
    - target: {fileID: 9019948533369207640, guid: 14a3e14071f09124ba3902d1a02bada1,
        type: 3}
      propertyPath: m_RootOrder
      value: 0
      objectReference: {fileID: 0}
    - target: {fileID: 3333956413855010114, guid: 14a3e14071f09124ba3902d1a02bada1,
        type: 3}
      propertyPath: m_RootOrder
      value: 6
      objectReference: {fileID: 0}
    - target: {fileID: 6317761411523848623, guid: 14a3e14071f09124ba3902d1a02bada1,
        type: 3}
      propertyPath: m_RootOrder
      value: 8
      objectReference: {fileID: 0}
    - target: {fileID: 1291488260681365882, guid: 14a3e14071f09124ba3902d1a02bada1,
        type: 3}
      propertyPath: m_RootOrder
      value: 7
      objectReference: {fileID: 0}
    - target: {fileID: 4733826634516832257, guid: 14a3e14071f09124ba3902d1a02bada1,
        type: 3}
      propertyPath: m_RootOrder
      value: 9
      objectReference: {fileID: 0}
    - target: {fileID: 7309606123807488392, guid: 14a3e14071f09124ba3902d1a02bada1,
        type: 3}
      propertyPath: m_RootOrder
      value: 50
      objectReference: {fileID: 0}
    - target: {fileID: 1733047743485217192, guid: 14a3e14071f09124ba3902d1a02bada1,
        type: 3}
      propertyPath: m_LocalRotation.x
      value: 0
      objectReference: {fileID: 0}
    - target: {fileID: 1733047743485217192, guid: 14a3e14071f09124ba3902d1a02bada1,
        type: 3}
      propertyPath: m_LocalRotation.y
      value: 0
      objectReference: {fileID: 0}
    - target: {fileID: 1733047743485217192, guid: 14a3e14071f09124ba3902d1a02bada1,
        type: 3}
      propertyPath: m_LocalRotation.z
      value: 0
      objectReference: {fileID: 0}
    - target: {fileID: 1733047743485217192, guid: 14a3e14071f09124ba3902d1a02bada1,
        type: 3}
      propertyPath: m_LocalRotation.w
      value: 1
      objectReference: {fileID: 0}
    - target: {fileID: 1733047743485217192, guid: 14a3e14071f09124ba3902d1a02bada1,
        type: 3}
      propertyPath: m_LocalEulerAnglesHint.y
      value: 0
      objectReference: {fileID: 0}
    - target: {fileID: 1733047743485217192, guid: 14a3e14071f09124ba3902d1a02bada1,
        type: 3}
      propertyPath: m_LocalEulerAnglesHint.z
      value: 0
      objectReference: {fileID: 0}
    - target: {fileID: 1733047743485217192, guid: 14a3e14071f09124ba3902d1a02bada1,
        type: 3}
      propertyPath: m_LocalEulerAnglesHint.x
      value: 0
      objectReference: {fileID: 0}
    - target: {fileID: 5544161766579298119, guid: 14a3e14071f09124ba3902d1a02bada1,
        type: 3}
      propertyPath: m_RootOrder
      value: 52
      objectReference: {fileID: 0}
    - target: {fileID: 3326068435946147185, guid: 14a3e14071f09124ba3902d1a02bada1,
        type: 3}
      propertyPath: m_RootOrder
      value: 0
      objectReference: {fileID: 0}
    - target: {fileID: 3326068435946147185, guid: 14a3e14071f09124ba3902d1a02bada1,
        type: 3}
      propertyPath: m_LocalRotation.x
      value: -0.56641775
      objectReference: {fileID: 0}
    - target: {fileID: 3326068435946147185, guid: 14a3e14071f09124ba3902d1a02bada1,
        type: 3}
      propertyPath: m_LocalRotation.y
      value: -0.42328602
      objectReference: {fileID: 0}
    - target: {fileID: 3326068435946147185, guid: 14a3e14071f09124ba3902d1a02bada1,
        type: 3}
      propertyPath: m_LocalRotation.z
      value: -0.42328587
      objectReference: {fileID: 0}
    - target: {fileID: 3326068435946147185, guid: 14a3e14071f09124ba3902d1a02bada1,
        type: 3}
      propertyPath: m_LocalRotation.w
      value: 0.5664177
      objectReference: {fileID: 0}
    - target: {fileID: 3326068435946147185, guid: 14a3e14071f09124ba3902d1a02bada1,
        type: 3}
      propertyPath: m_LocalEulerAnglesHint.y
      value: 180
      objectReference: {fileID: 0}
    - target: {fileID: 3326068435946147185, guid: 14a3e14071f09124ba3902d1a02bada1,
        type: 3}
      propertyPath: m_LocalEulerAnglesHint.x
      value: -89.99999
      objectReference: {fileID: 0}
    - target: {fileID: 3326068435946147185, guid: 14a3e14071f09124ba3902d1a02bada1,
        type: 3}
      propertyPath: m_LocalEulerAnglesHint.z
      value: -253.54199
      objectReference: {fileID: 0}
    m_RemovedComponents:
    - {fileID: 1855050290364510829, guid: 14a3e14071f09124ba3902d1a02bada1, type: 3}
  m_SourcePrefab: {fileID: 100100000, guid: 14a3e14071f09124ba3902d1a02bada1, type: 3}
--- !u!1 &936713480 stripped
GameObject:
  m_CorrespondingSourceObject: {fileID: 108825699484911281, guid: 14a3e14071f09124ba3902d1a02bada1,
    type: 3}
  m_PrefabInstance: {fileID: 936713479}
  m_PrefabAsset: {fileID: 0}
--- !u!136 &936713481
CapsuleCollider:
  m_ObjectHideFlags: 0
  m_CorrespondingSourceObject: {fileID: 0}
  m_PrefabInstance: {fileID: 0}
  m_PrefabAsset: {fileID: 0}
  m_GameObject: {fileID: 936713480}
  m_Material: {fileID: 0}
  m_IsTrigger: 0
  m_Enabled: 1
  m_Radius: 5
  m_Height: 25
  m_Direction: 1
  m_Center: {x: 0, y: 0, z: 0}
--- !u!82 &936713483
AudioSource:
  m_ObjectHideFlags: 0
  m_CorrespondingSourceObject: {fileID: 0}
  m_PrefabInstance: {fileID: 0}
  m_PrefabAsset: {fileID: 0}
  m_GameObject: {fileID: 936713480}
  m_Enabled: 1
  serializedVersion: 4
  OutputAudioMixerGroup: {fileID: 0}
  m_audioClip: {fileID: 0}
  m_PlayOnAwake: 1
  m_Volume: 1
  m_Pitch: 1
  Loop: 0
  Mute: 0
  Spatialize: 0
  SpatializePostEffects: 0
  Priority: 128
  DopplerLevel: 1
  MinDistance: 1
  MaxDistance: 500
  Pan2D: 0
  rolloffMode: 0
  BypassEffects: 0
  BypassListenerEffects: 0
  BypassReverbZones: 0
  rolloffCustomCurve:
    serializedVersion: 2
    m_Curve:
    - serializedVersion: 3
      time: 0
      value: 1
      inSlope: 0
      outSlope: 0
      tangentMode: 0
      weightedMode: 0
      inWeight: 0.33333334
      outWeight: 0.33333334
    - serializedVersion: 3
      time: 1
      value: 0
      inSlope: 0
      outSlope: 0
      tangentMode: 0
      weightedMode: 0
      inWeight: 0.33333334
      outWeight: 0.33333334
    m_PreInfinity: 2
    m_PostInfinity: 2
    m_RotationOrder: 4
  panLevelCustomCurve:
    serializedVersion: 2
    m_Curve:
    - serializedVersion: 3
      time: 0
      value: 0
      inSlope: 0
      outSlope: 0
      tangentMode: 0
      weightedMode: 0
      inWeight: 0.33333334
      outWeight: 0.33333334
    m_PreInfinity: 2
    m_PostInfinity: 2
    m_RotationOrder: 4
  spreadCustomCurve:
    serializedVersion: 2
    m_Curve:
    - serializedVersion: 3
      time: 0
      value: 0
      inSlope: 0
      outSlope: 0
      tangentMode: 0
      weightedMode: 0
      inWeight: 0.33333334
      outWeight: 0.33333334
    m_PreInfinity: 2
    m_PostInfinity: 2
    m_RotationOrder: 4
  reverbZoneMixCustomCurve:
    serializedVersion: 2
    m_Curve:
    - serializedVersion: 3
      time: 0
      value: 1
      inSlope: 0
      outSlope: 0
      tangentMode: 0
      weightedMode: 0
      inWeight: 0.33333334
      outWeight: 0.33333334
    m_PreInfinity: 2
    m_PostInfinity: 2
    m_RotationOrder: 4
--- !u!114 &936713484
MonoBehaviour:
  m_ObjectHideFlags: 0
  m_CorrespondingSourceObject: {fileID: 0}
  m_PrefabInstance: {fileID: 0}
  m_PrefabAsset: {fileID: 0}
  m_GameObject: {fileID: 936713480}
  m_Enabled: 1
  m_EditorHideFlags: 0
  m_Script: {fileID: 11500000, guid: 3d87d25d4d11d7c48b18b0f8dd468cfa, type: 3}
  m_Name: 
  m_EditorClassIdentifier: 
  grapDistance: 150
  maxUseTime: 5
  fireExClip: {fileID: 8300000, guid: eff3edd8338920c4faa118a89da9e0e2, type: 3}
  fireExSource: {fileID: 936713483}
--- !u!54 &936713485
Rigidbody:
  m_ObjectHideFlags: 0
  m_CorrespondingSourceObject: {fileID: 0}
  m_PrefabInstance: {fileID: 0}
  m_PrefabAsset: {fileID: 0}
  m_GameObject: {fileID: 936713480}
  serializedVersion: 2
  m_Mass: 1
  m_Drag: 0
  m_AngularDrag: 0.05
  m_UseGravity: 0
  m_IsKinematic: 1
  m_Interpolate: 0
  m_Constraints: 0
  m_CollisionDetection: 0
--- !u!65 &936713486
BoxCollider:
  m_ObjectHideFlags: 0
  m_CorrespondingSourceObject: {fileID: 0}
  m_PrefabInstance: {fileID: 0}
  m_PrefabAsset: {fileID: 0}
  m_GameObject: {fileID: 936713480}
  m_Material: {fileID: 0}
  m_IsTrigger: 1
  m_Enabled: 1
  serializedVersion: 2
  m_Size: {x: 50, y: 50, z: 50}
  m_Center: {x: 0, y: 0, z: 0}
--- !u!1 &992231197 stripped
GameObject:
  m_CorrespondingSourceObject: {fileID: 5815492887749682813, guid: c40a56388659d924eb96eb51cc02aceb,
    type: 3}
  m_PrefabInstance: {fileID: 483665728}
  m_PrefabAsset: {fileID: 0}
--- !u!114 &992231198
MonoBehaviour:
  m_ObjectHideFlags: 0
  m_CorrespondingSourceObject: {fileID: 0}
  m_PrefabInstance: {fileID: 0}
  m_PrefabAsset: {fileID: 0}
  m_GameObject: {fileID: 992231197}
  m_Enabled: 1
  m_EditorHideFlags: 0
  m_Script: {fileID: 11500000, guid: 155ecde5d1a08a1419981eb03dd447e2, type: 3}
  m_Name: 
  m_EditorClassIdentifier: 
--- !u!65 &992231199
BoxCollider:
  m_ObjectHideFlags: 0
  m_CorrespondingSourceObject: {fileID: 0}
  m_PrefabInstance: {fileID: 0}
  m_PrefabAsset: {fileID: 0}
  m_GameObject: {fileID: 992231197}
  m_Material: {fileID: 0}
  m_IsTrigger: 1
  m_Enabled: 1
  serializedVersion: 2
  m_Size: {x: 2, y: 2.5, z: 2.5}
  m_Center: {x: -0.052060366, y: 0.028601654, z: 0.0000000034095828}
--- !u!1 &1042440293
GameObject:
  m_ObjectHideFlags: 0
  m_CorrespondingSourceObject: {fileID: 0}
  m_PrefabInstance: {fileID: 0}
  m_PrefabAsset: {fileID: 0}
  serializedVersion: 6
  m_Component:
  - component: {fileID: 1042440295}
  - component: {fileID: 1042440294}
  m_Layer: 0
  m_Name: Siren
  m_TagString: Untagged
  m_Icon: {fileID: 0}
  m_NavMeshLayer: 0
  m_StaticEditorFlags: 0
  m_IsActive: 1
--- !u!82 &1042440294
AudioSource:
  m_ObjectHideFlags: 0
  m_CorrespondingSourceObject: {fileID: 0}
  m_PrefabInstance: {fileID: 0}
  m_PrefabAsset: {fileID: 0}
  m_GameObject: {fileID: 1042440293}
  m_Enabled: 1
  serializedVersion: 4
  OutputAudioMixerGroup: {fileID: 0}
  m_audioClip: {fileID: 0}
  m_PlayOnAwake: 1
  m_Volume: 0.77
  m_Pitch: 1
  Loop: 0
  Mute: 0
  Spatialize: 0
  SpatializePostEffects: 0
  Priority: 128
  DopplerLevel: 1
  MinDistance: 1
  MaxDistance: 500
  Pan2D: 0
  rolloffMode: 0
  BypassEffects: 0
  BypassListenerEffects: 0
  BypassReverbZones: 0
  rolloffCustomCurve:
    serializedVersion: 2
    m_Curve:
    - serializedVersion: 3
      time: 0
      value: 1
      inSlope: 0
      outSlope: 0
      tangentMode: 0
      weightedMode: 0
      inWeight: 0.33333334
      outWeight: 0.33333334
    - serializedVersion: 3
      time: 1
      value: 0
      inSlope: 0
      outSlope: 0
      tangentMode: 0
      weightedMode: 0
      inWeight: 0.33333334
      outWeight: 0.33333334
    m_PreInfinity: 2
    m_PostInfinity: 2
    m_RotationOrder: 4
  panLevelCustomCurve:
    serializedVersion: 2
    m_Curve:
    - serializedVersion: 3
      time: 0
      value: 0
      inSlope: 0
      outSlope: 0
      tangentMode: 0
      weightedMode: 0
      inWeight: 0.33333334
      outWeight: 0.33333334
    m_PreInfinity: 2
    m_PostInfinity: 2
    m_RotationOrder: 4
  spreadCustomCurve:
    serializedVersion: 2
    m_Curve:
    - serializedVersion: 3
      time: 0
      value: 0
      inSlope: 0
      outSlope: 0
      tangentMode: 0
      weightedMode: 0
      inWeight: 0.33333334
      outWeight: 0.33333334
    m_PreInfinity: 2
    m_PostInfinity: 2
    m_RotationOrder: 4
  reverbZoneMixCustomCurve:
    serializedVersion: 2
    m_Curve:
    - serializedVersion: 3
      time: 0
      value: 1
      inSlope: 0
      outSlope: 0
      tangentMode: 0
      weightedMode: 0
      inWeight: 0.33333334
      outWeight: 0.33333334
    m_PreInfinity: 2
    m_PostInfinity: 2
    m_RotationOrder: 4
--- !u!4 &1042440295
Transform:
  m_ObjectHideFlags: 0
  m_CorrespondingSourceObject: {fileID: 0}
  m_PrefabInstance: {fileID: 0}
  m_PrefabAsset: {fileID: 0}
  m_GameObject: {fileID: 1042440293}
  m_LocalRotation: {x: 0, y: 0, z: 0, w: 1}
  m_LocalPosition: {x: -6.6, y: 1.44, z: -0.79}
  m_LocalScale: {x: 1, y: 1, z: 1}
  m_Children: []
  m_Father: {fileID: 0}
  m_RootOrder: 18
  m_LocalEulerAnglesHint: {x: 0, y: 0, z: 0}
--- !u!1 &1064707373
GameObject:
  m_ObjectHideFlags: 0
  m_CorrespondingSourceObject: {fileID: 0}
  m_PrefabInstance: {fileID: 0}
  m_PrefabAsset: {fileID: 0}
  serializedVersion: 6
  m_Component:
  - component: {fileID: 1064707376}
  - component: {fileID: 1064707375}
  - component: {fileID: 1064707374}
  m_Layer: 0
  m_Name: EarthqukaeSaveZone (2)
  m_TagString: Untagged
  m_Icon: {fileID: 0}
  m_NavMeshLayer: 0
  m_StaticEditorFlags: 0
  m_IsActive: 1
--- !u!114 &1064707374
MonoBehaviour:
  m_ObjectHideFlags: 0
  m_CorrespondingSourceObject: {fileID: 0}
  m_PrefabInstance: {fileID: 0}
  m_PrefabAsset: {fileID: 0}
  m_GameObject: {fileID: 1064707373}
  m_Enabled: 1
  m_EditorHideFlags: 0
  m_Script: {fileID: 11500000, guid: 236e135e1aec336449738d960feac343, type: 3}
  m_Name: 
  m_EditorClassIdentifier: 
--- !u!65 &1064707375
BoxCollider:
  m_ObjectHideFlags: 0
  m_CorrespondingSourceObject: {fileID: 0}
  m_PrefabInstance: {fileID: 0}
  m_PrefabAsset: {fileID: 0}
  m_GameObject: {fileID: 1064707373}
  m_Material: {fileID: 0}
  m_IsTrigger: 1
  m_Enabled: 1
  serializedVersion: 2
  m_Size: {x: 1, y: 1, z: 1}
  m_Center: {x: 0, y: 0, z: 0}
--- !u!4 &1064707376
Transform:
  m_ObjectHideFlags: 0
  m_CorrespondingSourceObject: {fileID: 0}
  m_PrefabInstance: {fileID: 0}
  m_PrefabAsset: {fileID: 0}
  m_GameObject: {fileID: 1064707373}
  m_LocalRotation: {x: 0, y: 0, z: 0, w: 1}
  m_LocalPosition: {x: -3.967, y: 0.588, z: -12.116}
  m_LocalScale: {x: 1, y: 1, z: 1}
  m_Children: []
  m_Father: {fileID: 0}
  m_RootOrder: 9
  m_LocalEulerAnglesHint: {x: 0, y: 0, z: 0}
--- !u!1 &1142616543
GameObject:
  m_ObjectHideFlags: 0
  m_CorrespondingSourceObject: {fileID: 0}
  m_PrefabInstance: {fileID: 0}
  m_PrefabAsset: {fileID: 0}
  serializedVersion: 6
  m_Component:
  - component: {fileID: 1142616546}
  - component: {fileID: 1142616545}
  - component: {fileID: 1142616544}
  m_Layer: 0
  m_Name: EarthqukaeSaveZone (1)
  m_TagString: Untagged
  m_Icon: {fileID: 0}
  m_NavMeshLayer: 0
  m_StaticEditorFlags: 0
  m_IsActive: 1
--- !u!114 &1142616544
MonoBehaviour:
  m_ObjectHideFlags: 0
  m_CorrespondingSourceObject: {fileID: 0}
  m_PrefabInstance: {fileID: 0}
  m_PrefabAsset: {fileID: 0}
  m_GameObject: {fileID: 1142616543}
  m_Enabled: 1
  m_EditorHideFlags: 0
  m_Script: {fileID: 11500000, guid: 236e135e1aec336449738d960feac343, type: 3}
  m_Name: 
  m_EditorClassIdentifier: 
--- !u!65 &1142616545
BoxCollider:
  m_ObjectHideFlags: 0
  m_CorrespondingSourceObject: {fileID: 0}
  m_PrefabInstance: {fileID: 0}
  m_PrefabAsset: {fileID: 0}
  m_GameObject: {fileID: 1142616543}
  m_Material: {fileID: 0}
  m_IsTrigger: 1
  m_Enabled: 1
  serializedVersion: 2
  m_Size: {x: 1, y: 1, z: 1}
  m_Center: {x: 0, y: 0, z: 0}
--- !u!4 &1142616546
Transform:
  m_ObjectHideFlags: 0
  m_CorrespondingSourceObject: {fileID: 0}
  m_PrefabInstance: {fileID: 0}
  m_PrefabAsset: {fileID: 0}
  m_GameObject: {fileID: 1142616543}
  m_LocalRotation: {x: 0, y: 0, z: 0, w: 1}
  m_LocalPosition: {x: -5.007, y: 0.588, z: -9.301}
  m_LocalScale: {x: 1, y: 1, z: 1}
  m_Children: []
  m_Father: {fileID: 0}
  m_RootOrder: 8
  m_LocalEulerAnglesHint: {x: 0, y: 0, z: 0}
--- !u!1 &1159923036
GameObject:
  m_ObjectHideFlags: 0
  m_CorrespondingSourceObject: {fileID: 0}
  m_PrefabInstance: {fileID: 0}
  m_PrefabAsset: {fileID: 0}
  serializedVersion: 6
  m_Component:
  - component: {fileID: 1159923037}
  - component: {fileID: 1159923038}
  m_Layer: 0
  m_Name: GameLogic
  m_TagString: Untagged
  m_Icon: {fileID: 0}
  m_NavMeshLayer: 0
  m_StaticEditorFlags: 0
  m_IsActive: 1
--- !u!4 &1159923037
Transform:
  m_ObjectHideFlags: 0
  m_CorrespondingSourceObject: {fileID: 0}
  m_PrefabInstance: {fileID: 0}
  m_PrefabAsset: {fileID: 0}
  m_GameObject: {fileID: 1159923036}
  m_LocalRotation: {x: 0, y: 0, z: 0, w: 1}
  m_LocalPosition: {x: 0, y: 0, z: 0}
  m_LocalScale: {x: 1, y: 1, z: 1}
  m_Children: []
  m_Father: {fileID: 0}
  m_RootOrder: 6
  m_LocalEulerAnglesHint: {x: 0, y: 0, z: 0}
--- !u!114 &1159923038
MonoBehaviour:
  m_ObjectHideFlags: 0
  m_CorrespondingSourceObject: {fileID: 0}
  m_PrefabInstance: {fileID: 0}
  m_PrefabAsset: {fileID: 0}
  m_GameObject: {fileID: 1159923036}
  m_Enabled: 1
  m_EditorHideFlags: 0
  m_Script: {fileID: 11500000, guid: ea0736b4027dc5e4ab15accabeb958bc, type: 3}
  m_Name: 
  m_EditorClassIdentifier: 
  timeBeforeEarthquake: 10
  erathQuakeTimer: 5
  maxPlayTime: 120
  fireAlarmClip: {fileID: 8300000, guid: 264689c19ca94124eb77812ab3fcfcd8, type: 3}
  fireAlarmSource: {fileID: 671216100}
  earthquakeClip: {fileID: 8300000, guid: 233390cc5c5e8d643886a02617f75b22, type: 3}
  earthquakeSource: {fileID: 95100471}
  sirenClip: {fileID: 8300000, guid: 61010c5afa7931640a18908a1c32e6fc, type: 3}
  sirenSource: {fileID: 1042440294}
--- !u!4 &1469728519 stripped
Transform:
  m_CorrespondingSourceObject: {fileID: 3326068435946147185, guid: 14a3e14071f09124ba3902d1a02bada1,
    type: 3}
  m_PrefabInstance: {fileID: 936713479}
  m_PrefabAsset: {fileID: 0}
--- !u!1 &1794947665
GameObject:
  m_ObjectHideFlags: 0
  m_CorrespondingSourceObject: {fileID: 0}
  m_PrefabInstance: {fileID: 0}
  m_PrefabAsset: {fileID: 0}
  serializedVersion: 6
  m_Component:
  - component: {fileID: 1794947667}
  - component: {fileID: 1794947666}
  m_Layer: 0
  m_Name: Directional Light
  m_TagString: Untagged
  m_Icon: {fileID: 0}
  m_NavMeshLayer: 0
  m_StaticEditorFlags: 0
  m_IsActive: 1
--- !u!108 &1794947666
Light:
  m_ObjectHideFlags: 0
  m_CorrespondingSourceObject: {fileID: 0}
  m_PrefabInstance: {fileID: 0}
  m_PrefabAsset: {fileID: 0}
  m_GameObject: {fileID: 1794947665}
  m_Enabled: 1
  serializedVersion: 9
  m_Type: 1
  m_Color: {r: 1, g: 0.95686275, b: 0.8392157, a: 1}
  m_Intensity: 1
  m_Range: 10
  m_SpotAngle: 30
  m_InnerSpotAngle: 21.80208
  m_CookieSize: 10
  m_Shadows:
    m_Type: 2
    m_Resolution: -1
    m_CustomResolution: -1
    m_Strength: 1
    m_Bias: 0.05
    m_NormalBias: 0.4
    m_NearPlane: 0.2
    m_CullingMatrixOverride:
      e00: 1
      e01: 0
      e02: 0
      e03: 0
      e10: 0
      e11: 1
      e12: 0
      e13: 0
      e20: 0
      e21: 0
      e22: 1
      e23: 0
      e30: 0
      e31: 0
      e32: 0
      e33: 1
    m_UseCullingMatrixOverride: 0
  m_Cookie: {fileID: 0}
  m_DrawHalo: 0
  m_Flare: {fileID: 0}
  m_RenderMode: 0
  m_CullingMask:
    serializedVersion: 2
    m_Bits: 4294967295
  m_RenderingLayerMask: 1
  m_Lightmapping: 4
  m_LightShadowCasterMode: 0
  m_AreaSize: {x: 1, y: 1}
  m_BounceIntensity: 1
  m_ColorTemperature: 6570
  m_UseColorTemperature: 0
  m_BoundingSphereOverride: {x: 0, y: 0, z: 0, w: 0}
  m_UseBoundingSphereOverride: 0
  m_ShadowRadius: 0
  m_ShadowAngle: 0
--- !u!4 &1794947667
Transform:
  m_ObjectHideFlags: 0
  m_CorrespondingSourceObject: {fileID: 0}
  m_PrefabInstance: {fileID: 0}
  m_PrefabAsset: {fileID: 0}
  m_GameObject: {fileID: 1794947665}
  m_LocalRotation: {x: 0.40821788, y: -0.23456968, z: 0.10938163, w: 0.8754261}
  m_LocalPosition: {x: 0, y: 3, z: 0}
  m_LocalScale: {x: 1, y: 1, z: 1}
  m_Children: []
  m_Father: {fileID: 0}
  m_RootOrder: 5
  m_LocalEulerAnglesHint: {x: 50, y: -30, z: 0}
--- !u!1 &1806154466
GameObject:
  m_ObjectHideFlags: 0
  m_CorrespondingSourceObject: {fileID: 0}
  m_PrefabInstance: {fileID: 0}
  m_PrefabAsset: {fileID: 0}
  serializedVersion: 6
  m_Component:
  - component: {fileID: 1806154469}
  - component: {fileID: 1806154468}
  - component: {fileID: 1806154467}
  m_Layer: 0
  m_Name: SaveZone
  m_TagString: Untagged
  m_Icon: {fileID: 0}
  m_NavMeshLayer: 0
  m_StaticEditorFlags: 0
  m_IsActive: 1
--- !u!114 &1806154467
MonoBehaviour:
  m_ObjectHideFlags: 0
  m_CorrespondingSourceObject: {fileID: 0}
  m_PrefabInstance: {fileID: 0}
  m_PrefabAsset: {fileID: 0}
  m_GameObject: {fileID: 1806154466}
  m_Enabled: 1
  m_EditorHideFlags: 0
  m_Script: {fileID: 11500000, guid: fef62f5e289178d4e8a223ca5e882b4a, type: 3}
  m_Name: 
  m_EditorClassIdentifier: 
--- !u!65 &1806154468
BoxCollider:
  m_ObjectHideFlags: 0
  m_CorrespondingSourceObject: {fileID: 0}
  m_PrefabInstance: {fileID: 0}
  m_PrefabAsset: {fileID: 0}
  m_GameObject: {fileID: 1806154466}
  m_Material: {fileID: 0}
  m_IsTrigger: 1
  m_Enabled: 1
  serializedVersion: 2
  m_Size: {x: 2, y: 2, z: 2}
  m_Center: {x: 0, y: 0, z: 0}
--- !u!4 &1806154469
Transform:
  m_ObjectHideFlags: 0
  m_CorrespondingSourceObject: {fileID: 0}
  m_PrefabInstance: {fileID: 0}
  m_PrefabAsset: {fileID: 0}
  m_GameObject: {fileID: 1806154466}
  m_LocalRotation: {x: 0, y: 0, z: 0, w: 1}
  m_LocalPosition: {x: 0.93, y: -4.52, z: -15.099}
  m_LocalScale: {x: 2, y: 1, z: 4}
  m_Children: []
  m_Father: {fileID: 0}
  m_RootOrder: 11
  m_LocalEulerAnglesHint: {x: 0, y: 0, z: 0}
--- !u!1 &2011065562
GameObject:
  m_ObjectHideFlags: 0
  m_CorrespondingSourceObject: {fileID: 0}
  m_PrefabInstance: {fileID: 0}
  m_PrefabAsset: {fileID: 0}
  serializedVersion: 6
  m_Component:
  - component: {fileID: 2011065565}
  - component: {fileID: 2011065564}
  - component: {fileID: 2011065563}
  m_Layer: 0
  m_Name: EarthqukaeSaveZone
  m_TagString: Untagged
  m_Icon: {fileID: 0}
  m_NavMeshLayer: 0
  m_StaticEditorFlags: 0
  m_IsActive: 1
--- !u!114 &2011065563
MonoBehaviour:
  m_ObjectHideFlags: 0
  m_CorrespondingSourceObject: {fileID: 0}
  m_PrefabInstance: {fileID: 0}
  m_PrefabAsset: {fileID: 0}
  m_GameObject: {fileID: 2011065562}
  m_Enabled: 1
  m_EditorHideFlags: 0
  m_Script: {fileID: 11500000, guid: 236e135e1aec336449738d960feac343, type: 3}
  m_Name: 
  m_EditorClassIdentifier: 
--- !u!65 &2011065564
BoxCollider:
  m_ObjectHideFlags: 0
  m_CorrespondingSourceObject: {fileID: 0}
  m_PrefabInstance: {fileID: 0}
  m_PrefabAsset: {fileID: 0}
  m_GameObject: {fileID: 2011065562}
  m_Material: {fileID: 0}
  m_IsTrigger: 1
  m_Enabled: 1
  serializedVersion: 2
  m_Size: {x: 1, y: 1, z: 1}
  m_Center: {x: 0, y: 0, z: 0}
--- !u!4 &2011065565
Transform:
  m_ObjectHideFlags: 0
  m_CorrespondingSourceObject: {fileID: 0}
  m_PrefabInstance: {fileID: 0}
  m_PrefabAsset: {fileID: 0}
  m_GameObject: {fileID: 2011065562}
  m_LocalRotation: {x: 0, y: 0, z: 0, w: 1}
  m_LocalPosition: {x: -5.007, y: 0.588, z: -7.669}
  m_LocalScale: {x: 1, y: 1, z: 1}
  m_Children: []
  m_Father: {fileID: 0}
  m_RootOrder: 7
  m_LocalEulerAnglesHint: {x: 0, y: 0, z: 0}
--- !u!1 &2103637767
GameObject:
  m_ObjectHideFlags: 0
  m_CorrespondingSourceObject: {fileID: 0}
  m_PrefabInstance: {fileID: 0}
  m_PrefabAsset: {fileID: 0}
  serializedVersion: 6
  m_Component:
  - component: {fileID: 2103637773}
  - component: {fileID: 2103637772}
  - component: {fileID: 2103637771}
  - component: {fileID: 2103637770}
  - component: {fileID: 2103637769}
  - component: {fileID: 2103637768}
  m_Layer: 0
  m_Name: Ground
  m_TagString: Untagged
  m_Icon: {fileID: 0}
  m_NavMeshLayer: 0
  m_StaticEditorFlags: 0
  m_IsActive: 1
--- !u!65 &2103637768
BoxCollider:
  m_ObjectHideFlags: 0
  m_CorrespondingSourceObject: {fileID: 0}
  m_PrefabInstance: {fileID: 0}
  m_PrefabAsset: {fileID: 0}
  m_GameObject: {fileID: 2103637767}
  m_Material: {fileID: 0}
  m_IsTrigger: 1
  m_Enabled: 1
  serializedVersion: 2
  m_Size: {x: 10, y: 1, z: 10}
  m_Center: {x: 0, y: 0, z: 0}
--- !u!114 &2103637769
MonoBehaviour:
  m_ObjectHideFlags: 0
  m_CorrespondingSourceObject: {fileID: 0}
  m_PrefabInstance: {fileID: 0}
  m_PrefabAsset: {fileID: 0}
  m_GameObject: {fileID: 2103637767}
  m_Enabled: 1
  m_EditorHideFlags: 0
  m_Script: {fileID: 11500000, guid: 930a7785ffc41044cb22d167f8de8fc3, type: 3}
  m_Name: 
  m_EditorClassIdentifier: 
--- !u!64 &2103637770
MeshCollider:
  m_ObjectHideFlags: 0
  m_CorrespondingSourceObject: {fileID: 0}
  m_PrefabInstance: {fileID: 0}
  m_PrefabAsset: {fileID: 0}
  m_GameObject: {fileID: 2103637767}
  m_Material: {fileID: 0}
  m_IsTrigger: 0
  m_Enabled: 1
  serializedVersion: 3
  m_Convex: 0
  m_CookingOptions: 14
  m_Mesh: {fileID: 10209, guid: 0000000000000000e000000000000000, type: 0}
--- !u!23 &2103637771
MeshRenderer:
  m_ObjectHideFlags: 0
  m_CorrespondingSourceObject: {fileID: 0}
  m_PrefabInstance: {fileID: 0}
  m_PrefabAsset: {fileID: 0}
  m_GameObject: {fileID: 2103637767}
  m_Enabled: 1
  m_CastShadows: 1
  m_ReceiveShadows: 1
  m_DynamicOccludee: 1
  m_MotionVectors: 1
  m_LightProbeUsage: 1
  m_ReflectionProbeUsage: 1
  m_RenderingLayerMask: 1
  m_RendererPriority: 0
  m_Materials:
  - {fileID: 10303, guid: 0000000000000000f000000000000000, type: 0}
  m_StaticBatchInfo:
    firstSubMesh: 0
    subMeshCount: 0
  m_StaticBatchRoot: {fileID: 0}
  m_ProbeAnchor: {fileID: 0}
  m_LightProbeVolumeOverride: {fileID: 0}
  m_ScaleInLightmap: 1
  m_PreserveUVs: 0
  m_IgnoreNormalsForChartDetection: 0
  m_ImportantGI: 0
  m_StitchLightmapSeams: 1
  m_SelectedEditorRenderState: 3
  m_MinimumChartSize: 4
  m_AutoUVMaxDistance: 0.5
  m_AutoUVMaxAngle: 89
  m_LightmapParameters: {fileID: 0}
  m_SortingLayerID: 0
  m_SortingLayer: 0
  m_SortingOrder: 0
--- !u!33 &2103637772
MeshFilter:
  m_ObjectHideFlags: 0
  m_CorrespondingSourceObject: {fileID: 0}
  m_PrefabInstance: {fileID: 0}
  m_PrefabAsset: {fileID: 0}
  m_GameObject: {fileID: 2103637767}
  m_Mesh: {fileID: 10209, guid: 0000000000000000e000000000000000, type: 0}
--- !u!4 &2103637773
Transform:
  m_ObjectHideFlags: 0
  m_CorrespondingSourceObject: {fileID: 0}
  m_PrefabInstance: {fileID: 0}
  m_PrefabAsset: {fileID: 0}
  m_GameObject: {fileID: 2103637767}
  m_LocalRotation: {x: 0, y: 0, z: 0, w: 1}
  m_LocalPosition: {x: -4.31, y: -6.21, z: -12.378088}
  m_LocalScale: {x: 5.6729245, y: 4.0605, z: 6.5394354}
  m_Children: []
  m_Father: {fileID: 0}
  m_RootOrder: 17
  m_LocalEulerAnglesHint: {x: 0, y: 0, z: 0}
--- !u!1001 &3789436019048904308
PrefabInstance:
  m_ObjectHideFlags: 0
  serializedVersion: 2
  m_Modification:
    m_TransformParent: {fileID: 0}
    m_Modifications:
    - target: {fileID: 7116778557928167965, guid: 7fc591a0e999446408ec0e91375f9863,
        type: 3}
      propertyPath: m_Name
      value: EmptyApartment
      objectReference: {fileID: 0}
    - target: {fileID: 6095826315132938254, guid: 7fc591a0e999446408ec0e91375f9863,
        type: 3}
      propertyPath: m_LocalPosition.x
      value: 0
      objectReference: {fileID: 0}
    - target: {fileID: 6095826315132938254, guid: 7fc591a0e999446408ec0e91375f9863,
        type: 3}
      propertyPath: m_LocalPosition.y
      value: -3.173
      objectReference: {fileID: 0}
    - target: {fileID: 6095826315132938254, guid: 7fc591a0e999446408ec0e91375f9863,
        type: 3}
      propertyPath: m_LocalPosition.z
      value: 0
      objectReference: {fileID: 0}
    - target: {fileID: 6095826315132938254, guid: 7fc591a0e999446408ec0e91375f9863,
        type: 3}
      propertyPath: m_LocalRotation.x
      value: 0
      objectReference: {fileID: 0}
    - target: {fileID: 6095826315132938254, guid: 7fc591a0e999446408ec0e91375f9863,
        type: 3}
      propertyPath: m_LocalRotation.y
      value: 0
      objectReference: {fileID: 0}
    - target: {fileID: 6095826315132938254, guid: 7fc591a0e999446408ec0e91375f9863,
        type: 3}
      propertyPath: m_LocalRotation.z
      value: 0
      objectReference: {fileID: 0}
    - target: {fileID: 6095826315132938254, guid: 7fc591a0e999446408ec0e91375f9863,
        type: 3}
      propertyPath: m_LocalRotation.w
      value: 1
      objectReference: {fileID: 0}
    - target: {fileID: 6095826315132938254, guid: 7fc591a0e999446408ec0e91375f9863,
        type: 3}
      propertyPath: m_RootOrder
      value: 15
      objectReference: {fileID: 0}
    - target: {fileID: 6095826315132938254, guid: 7fc591a0e999446408ec0e91375f9863,
        type: 3}
      propertyPath: m_LocalEulerAnglesHint.x
      value: 0
      objectReference: {fileID: 0}
    - target: {fileID: 6095826315132938254, guid: 7fc591a0e999446408ec0e91375f9863,
        type: 3}
      propertyPath: m_LocalEulerAnglesHint.y
      value: 0
      objectReference: {fileID: 0}
    - target: {fileID: 6095826315132938254, guid: 7fc591a0e999446408ec0e91375f9863,
        type: 3}
      propertyPath: m_LocalEulerAnglesHint.z
      value: 0
      objectReference: {fileID: 0}
    m_RemovedComponents:
    - {fileID: 6532078925452669301, guid: 7fc591a0e999446408ec0e91375f9863, type: 3}
  m_SourcePrefab: {fileID: 100100000, guid: 7fc591a0e999446408ec0e91375f9863, type: 3}
--- !u!1001 &8122392404896694311
PrefabInstance:
  m_ObjectHideFlags: 0
  serializedVersion: 2
  m_Modification:
    m_TransformParent: {fileID: 0}
    m_Modifications:
    - target: {fileID: 2946403663536018159, guid: 1c81cebe5c1751b4bb6e8aae75d12c0e,
        type: 3}
      propertyPath: m_Name
      value: Apartment
      objectReference: {fileID: 0}
    - target: {fileID: 2213769208082178300, guid: 1c81cebe5c1751b4bb6e8aae75d12c0e,
        type: 3}
      propertyPath: m_LocalPosition.x
      value: 0
      objectReference: {fileID: 0}
    - target: {fileID: 2213769208082178300, guid: 1c81cebe5c1751b4bb6e8aae75d12c0e,
        type: 3}
      propertyPath: m_LocalPosition.y
      value: 0
      objectReference: {fileID: 0}
    - target: {fileID: 2213769208082178300, guid: 1c81cebe5c1751b4bb6e8aae75d12c0e,
        type: 3}
      propertyPath: m_LocalPosition.z
      value: 0
      objectReference: {fileID: 0}
    - target: {fileID: 2213769208082178300, guid: 1c81cebe5c1751b4bb6e8aae75d12c0e,
        type: 3}
      propertyPath: m_LocalRotation.x
      value: 0
      objectReference: {fileID: 0}
    - target: {fileID: 2213769208082178300, guid: 1c81cebe5c1751b4bb6e8aae75d12c0e,
        type: 3}
      propertyPath: m_LocalRotation.y
      value: 0
      objectReference: {fileID: 0}
    - target: {fileID: 2213769208082178300, guid: 1c81cebe5c1751b4bb6e8aae75d12c0e,
        type: 3}
      propertyPath: m_LocalRotation.z
      value: 0
      objectReference: {fileID: 0}
    - target: {fileID: 2213769208082178300, guid: 1c81cebe5c1751b4bb6e8aae75d12c0e,
        type: 3}
      propertyPath: m_LocalRotation.w
      value: 1
      objectReference: {fileID: 0}
    - target: {fileID: 2213769208082178300, guid: 1c81cebe5c1751b4bb6e8aae75d12c0e,
        type: 3}
      propertyPath: m_RootOrder
      value: 0
      objectReference: {fileID: 0}
    - target: {fileID: 2213769208082178300, guid: 1c81cebe5c1751b4bb6e8aae75d12c0e,
        type: 3}
      propertyPath: m_LocalEulerAnglesHint.x
      value: 0
      objectReference: {fileID: 0}
    - target: {fileID: 2213769208082178300, guid: 1c81cebe5c1751b4bb6e8aae75d12c0e,
        type: 3}
      propertyPath: m_LocalEulerAnglesHint.y
      value: 0
      objectReference: {fileID: 0}
    - target: {fileID: 2213769208082178300, guid: 1c81cebe5c1751b4bb6e8aae75d12c0e,
        type: 3}
      propertyPath: m_LocalEulerAnglesHint.z
      value: 0
      objectReference: {fileID: 0}
    - target: {fileID: 8122392405818615694, guid: 1c81cebe5c1751b4bb6e8aae75d12c0e,
        type: 3}
      propertyPath: fireFighterSource
      value: 
      objectReference: {fileID: 75070873}
    m_RemovedComponents: []
  m_SourcePrefab: {fileID: 100100000, guid: 1c81cebe5c1751b4bb6e8aae75d12c0e, type: 3}
--- !u!1 &8122392404896694312 stripped
GameObject:
  m_CorrespondingSourceObject: {fileID: 6311576992548563265, guid: 1c81cebe5c1751b4bb6e8aae75d12c0e,
    type: 3}
  m_PrefabInstance: {fileID: 8122392404896694311}
  m_PrefabAsset: {fileID: 0}
--- !u!1 &8122392404896694313 stripped
GameObject:
  m_CorrespondingSourceObject: {fileID: 8743510111951333079, guid: 1c81cebe5c1751b4bb6e8aae75d12c0e,
    type: 3}
  m_PrefabInstance: {fileID: 8122392404896694311}
  m_PrefabAsset: {fileID: 0}
--- !u!65 &8122392404896694314
BoxCollider:
  m_ObjectHideFlags: 0
  m_CorrespondingSourceObject: {fileID: 0}
  m_PrefabInstance: {fileID: 0}
  m_PrefabAsset: {fileID: 0}
  m_GameObject: {fileID: 8122392404896694312}
  m_Material: {fileID: 0}
  m_IsTrigger: 0
  m_Enabled: 1
  serializedVersion: 2
  m_Size: {x: 0.7790821, y: 8.4547513e-17, z: 2.1322105}
  m_Center: {x: 0.37218073, y: 5.75954e-16, z: -0.16609831}
--- !u!65 &8122392404896694315
BoxCollider:
  m_ObjectHideFlags: 0
  m_CorrespondingSourceObject: {fileID: 0}
  m_PrefabInstance: {fileID: 0}
  m_PrefabAsset: {fileID: 0}
  m_GameObject: {fileID: 8122392404896694313}
  m_Material: {fileID: 0}
  m_IsTrigger: 0
  m_Enabled: 1
  serializedVersion: 2
  m_Size: {x: 0.7790821, y: 8.4547513e-17, z: 2.1322105}
  m_Center: {x: 0.29639098, y: 5.75954e-16, z: -0.16609831}
--- !u!1001 &8461695745503503023
PrefabInstance:
  m_ObjectHideFlags: 0
  serializedVersion: 2
  m_Modification:
    m_TransformParent: {fileID: 0}
    m_Modifications:
    - target: {fileID: 8461695745871171247, guid: 9ad5341b40999a74aba7ca6feceb6629,
        type: 3}
      propertyPath: m_Name
      value: StairWay
      objectReference: {fileID: 0}
    - target: {fileID: 8461695745871171246, guid: 9ad5341b40999a74aba7ca6feceb6629,
        type: 3}
      propertyPath: m_LocalPosition.x
      value: 0.208
      objectReference: {fileID: 0}
    - target: {fileID: 8461695745871171246, guid: 9ad5341b40999a74aba7ca6feceb6629,
        type: 3}
      propertyPath: m_LocalPosition.y
      value: 0.027568296
      objectReference: {fileID: 0}
    - target: {fileID: 8461695745871171246, guid: 9ad5341b40999a74aba7ca6feceb6629,
        type: 3}
      propertyPath: m_LocalPosition.z
      value: -12.732759
      objectReference: {fileID: 0}
    - target: {fileID: 8461695745871171246, guid: 9ad5341b40999a74aba7ca6feceb6629,
        type: 3}
      propertyPath: m_LocalRotation.x
      value: 0
      objectReference: {fileID: 0}
    - target: {fileID: 8461695745871171246, guid: 9ad5341b40999a74aba7ca6feceb6629,
        type: 3}
      propertyPath: m_LocalRotation.y
      value: 0
      objectReference: {fileID: 0}
    - target: {fileID: 8461695745871171246, guid: 9ad5341b40999a74aba7ca6feceb6629,
        type: 3}
      propertyPath: m_LocalRotation.z
      value: 0
      objectReference: {fileID: 0}
    - target: {fileID: 8461695745871171246, guid: 9ad5341b40999a74aba7ca6feceb6629,
        type: 3}
      propertyPath: m_LocalRotation.w
      value: 1
      objectReference: {fileID: 0}
    - target: {fileID: 8461695745871171246, guid: 9ad5341b40999a74aba7ca6feceb6629,
        type: 3}
      propertyPath: m_RootOrder
      value: 19
      objectReference: {fileID: 0}
    - target: {fileID: 8461695745871171246, guid: 9ad5341b40999a74aba7ca6feceb6629,
        type: 3}
      propertyPath: m_LocalEulerAnglesHint.x
      value: 0
      objectReference: {fileID: 0}
    - target: {fileID: 8461695745871171246, guid: 9ad5341b40999a74aba7ca6feceb6629,
        type: 3}
      propertyPath: m_LocalEulerAnglesHint.y
      value: 0
      objectReference: {fileID: 0}
    - target: {fileID: 8461695745871171246, guid: 9ad5341b40999a74aba7ca6feceb6629,
        type: 3}
      propertyPath: m_LocalEulerAnglesHint.z
      value: 0
      objectReference: {fileID: 0}
    m_RemovedComponents: []
  m_SourcePrefab: {fileID: 100100000, guid: 9ad5341b40999a74aba7ca6feceb6629, type: 3}
